
@article{beesley2015b,
  title = {Pre-Exposure of Repeated Search Configurations Facilitates Subsequent Contextual Cuing of Visual Search.},
  author = {Beesley, Tom and Vadillo, Miguel A. and Pearson, Daniel and Shanks, David R.},
  date = {2015},
  journaltitle = {Journal of Experimental Psychology: Learning, Memory, and Cognition},
  shortjournal = {Journal of Experimental Psychology: Learning, Memory, and Cognition},
  volume = {41},
  number = {2},
  pages = {348--362},
  issn = {1939-1285, 0278-7393},
  doi = {10.1037/xlm0000033},
  url = {http://doi.apa.org/getdoi.cfm?doi=10.1037/xlm0000033},
  urldate = {2019-08-07},
  langid = {english},
  file = {C\:\\Users\\beesleyt\\OneDrive - Lancaster University\\Desktop PC\\Papers - Zotero PDF Library\\Beesley, Vadillo, Pearson et al - 2015.pdf}
}

@article{beesley2016,
  title = {Configural Learning in Contextual Cuing of Visual Search.},
  author = {Beesley, Tom and Vadillo, Miguel A. and Pearson, Daniel and Shanks, David R.},
  date = {2016},
  journaltitle = {Journal of Experimental Psychology: Human Perception and Performance},
  shortjournal = {Journal of Experimental Psychology: Human Perception and Performance},
  volume = {42},
  number = {8},
  pages = {1173--1185},
  issn = {1939-1277, 0096-1523},
  doi = {10.1037/xhp0000185},
  url = {http://doi.apa.org/getdoi.cfm?doi=10.1037/xhp0000185},
  urldate = {2019-08-07},
  langid = {english},
  file = {C\:\\Users\\beesleyt\\OneDrive - Lancaster University\\Desktop PC\\Papers - Zotero PDF Library\\Beesley, Vadillo, Pearson et al - 2016.pdf}
}

@article{beesley2018,
  title = {Overt Attention in Contextual Cuing of Visual Search Is Driven by the Attentional Set, but Not by the Predictiveness of Distractors.},
  author = {Beesley, Tom and Hanafi, Gunadi and Vadillo, Miguel A. and Shanks, David. R. and Livesey, Evan J.},
  date = {2018-05},
  journaltitle = {Journal of Experimental Psychology: Learning, Memory, and Cognition},
  shortjournal = {Journal of Experimental Psychology: Learning, Memory, and Cognition},
  volume = {44},
  number = {5},
  pages = {707--721},
  issn = {1939-1285, 0278-7393},
  doi = {10.1037/xlm0000467},
  url = {http://doi.apa.org/getdoi.cfm?doi=10.1037/xlm0000467},
  urldate = {2019-08-07},
  langid = {english},
  file = {C\:\\Users\\beesleyt\\OneDrive - Lancaster University\\Desktop PC\\Papers - Zotero PDF Library\\Beesley, Hanafi, Vadillo et al - 2018.pdf}
}

@article{brady2007,
  title = {Spatial Constraints on Learning in Visual Search: {{Modeling}} Contextual Cuing.},
  shorttitle = {Spatial Constraints on Learning in Visual Search},
  author = {Brady, Timothy F. and Chun, Marvin M.},
  date = {2007},
  journaltitle = {Journal of Experimental Psychology: Human Perception and Performance},
  shortjournal = {Journal of Experimental Psychology: Human Perception and Performance},
  volume = {33},
  number = {4},
  pages = {798--815},
  issn = {1939-1277, 0096-1523},
  doi = {10.1037/0096-1523.33.4.798},
  url = {http://doi.apa.org/getdoi.cfm?doi=10.1037/0096-1523.33.4.798},
  urldate = {2019-08-07},
  langid = {english},
  file = {C\:\\Users\\beesleyt\\OneDrive - Lancaster University\\Desktop PC\\Papers - Zotero PDF Library\\Brady, Chun - 2007.pdf}
}

@article{chun1998,
  title = {Contextual {{Cueing}}: {{Implicit Learning}} and {{Memory}} of {{Visual Context Guides Spatial Attention}}},
  shorttitle = {Contextual {{Cueing}}},
  author = {Chun, Marvin M. and Jiang, Yuhong},
  date = {1998-06},
  journaltitle = {Cognitive Psychology},
  shortjournal = {Cognitive Psychology},
  volume = {36},
  number = {1},
  pages = {28--71},
  issn = {00100285},
  doi = {10.1006/cogp.1998.0681},
  url = {https://linkinghub.elsevier.com/retrieve/pii/S0010028598906818},
  urldate = {2019-08-07},
  langid = {english},
  file = {C\:\\Users\\beesleyt\\OneDrive - Lancaster University\\Desktop PC\\Papers - Zotero PDF Library\\Chun, Jiang - 1998.pdf}
}

@article{colagiuri2016,
  title = {Contextual Cuing as a Form of Nonconscious Learning: {{Theoretical}} and Empirical Analysis in Large and Very Large Samples},
  shorttitle = {Contextual Cuing as a Form of Nonconscious Learning},
  author = {Colagiuri, Ben and Livesey, E. J.},
  date = {2016-12},
  journaltitle = {Psychonomic Bulletin \& Review},
  shortjournal = {Psychon Bull Rev},
  volume = {23},
  number = {6},
  pages = {1996--2009},
  issn = {1069-9384, 1531-5320},
  doi = {10.3758/s13423-016-1063-0},
  url = {http://link.springer.com/10.3758/s13423-016-1063-0},
  urldate = {2019-08-07},
  langid = {english},
  file = {C\:\\Users\\beesleyt\\OneDrive - Lancaster University\\Desktop PC\\Papers - Zotero PDF Library\\Colagiuri, Livesey - 2016.pdf}
}

@article{cousineau2005,
  title = {Confidence Intervals in Within-Subject Designs: {{A}} Simpler Solution to {{Loftus}} and {{Masson}}'s Method},
  shorttitle = {Confidence Intervals in Within-Subject Designs},
  author = {Cousineau, Denis},
  date = {2005-09-01},
  journaltitle = {Tutorials in Quantitative Methods for Psychology},
  shortjournal = {TQMP},
  volume = {1},
  number = {1},
  pages = {42--45},
  issn = {1913-4126},
  doi = {10.20982/tqmp.01.1.p042},
  url = {http://www.tqmp.org/RegularArticles/vol01-1/p042},
  urldate = {2019-08-16},
  langid = {english},
  file = {C\:\\Users\\beesleyt\\OneDrive - Lancaster University\\Desktop PC\\Papers - Zotero PDF Library\\Cousineau - 2005.pdf}
}

@article{dienes2014,
  title = {Using {{Bayes}} to Get the Most out of Non-Significant Results},
  author = {Dienes, Zoltan},
  date = {2014},
  journaltitle = {Frontiers in Psychology},
  volume = {5},
  issn = {1664-1078},
  url = {https://www.frontiersin.org/article/10.3389/fpsyg.2014.00781},
  urldate = {2022-03-13},
  file = {C\:\\Users\\Tom\\Zotero\\storage\\P6ZTMZ7W\\Dienes - 2014.pdf}
}

@article{kawahara2003,
  title = {Contextual Cueing in {{3D}} Layouts Defined by Binocular Disparity},
  author = {Kawahara, Jun-ichiro},
  date = {2003-10},
  journaltitle = {Visual Cognition},
  shortjournal = {Visual Cognition},
  volume = {10},
  number = {7},
  pages = {837--852},
  issn = {1350-6285, 1464-0716},
  doi = {10.1080/13506280344000103},
  url = {http://www.tandfonline.com/doi/abs/10.1080/13506280344000103},
  urldate = {2019-08-07},
  langid = {english},
  file = {C\:\\Users\\beesleyt\\OneDrive - Lancaster University\\Desktop PC\\Papers - Zotero PDF Library\\Kawahara - 2003.pdf;C\:\\Users\\beesleyt\\OneDrive - Lancaster University\\Desktop PC\\Papers - Zotero PDF Library\\Kawahara - 22.pdf}
}

@article{kroell2019,
  title = {Behavioural Evidence for a Single Memory System in Contextual Cueing},
  author = {Kroell, Lisa M. and Schlagbauer, Bernhard and Zinchenko, Artyom and Müller, Hermann J. and Geyer, Thomas},
  date = {2019},
  journaltitle = {Visual Cognition},
  volume = {27},
  number = {5-8},
  pages = {551--562},
  publisher = {{Taylor \& Francis}},
  location = {{United Kingdom}},
  issn = {1464-0716},
  doi = {10.1080/13506285.2019.1648347},
  keywords = {Awareness,Contextual Cues,Dissociation,Intentional Learning,Memory,Reaction Time,Visual Search},
  file = {C\:\\Users\\beesleyt\\OneDrive - Lancaster University\\Desktop PC\\Papers - Zotero PDF Library\\Kroell, Schlagbauer, Zinchenko et al - 2019.pdf}
}

@article{marek2020,
  title = {Contextual-{{Cueing}} beyond the {{Initial Field}} of {{View-A Virtual Reality Experiment}}},
  author = {Marek, Nico and Pollmann, Stefan},
  date = {2020-07-13},
  journaltitle = {Brain Sciences},
  shortjournal = {Brain Sci},
  volume = {10},
  number = {7},
  eprint = {32668806},
  eprinttype = {pmid},
  issn = {2076-3425},
  doi = {10.3390/brainsci10070446},
  langid = {english},
  keywords = {contextual cueing,virtual reality,visual search},
  file = {C\:\\Users\\beesleyt\\OneDrive - Lancaster University\\Desktop PC\\Papers - Zotero PDF Library\\Marek, Pollmann - 2020.pdf}
}

@article{mcsorley2001,
  title = {Visual Search in Depth},
  author = {McSorley, E. and Findlay, J. M.},
  date = {2001},
  journaltitle = {Vision Research},
  shortjournal = {Vision Res.},
  volume = {41},
  number = {25-26},
  eprint = {11718789},
  eprinttype = {pmid},
  pages = {3487--3496},
  issn = {0042-6989},
  doi = {10.1016/s0042-6989(01)00197-3},
  langid = {english},
  keywords = {Adult,Analysis of Variance,Depth Perception,Female,Humans,Male,Orientation,Reaction Time,Saccades,Visual Pathways},
  file = {C\:\\Users\\beesleyt\\OneDrive - Lancaster University\\Desktop PC\\Papers - Zotero PDF Library\\McSorley, Findlay - 2001.pdf}
}

@article{nakayama1986,
  title = {Serial and Parallel Processing of Visual Feature Conjunctions},
  author = {Nakayama, K. and Silverman, G. H.},
  date = {1986-03-20/0026},
  journaltitle = {Nature},
  shortjournal = {Nature},
  volume = {320},
  number = {6059},
  eprint = {3960106},
  eprinttype = {pmid},
  pages = {264--265},
  issn = {0028-0836},
  doi = {10.1038/320264a0},
  langid = {english},
  keywords = {Color,Depth Perception,Humans,Motion,Reaction Time,Vision; Ocular,Visual Cortex}
}

@article{olson2002,
  title = {Perceptual Constraints on Implicit Learning of Spatial Context},
  author = {Olson, Ingrid R. and Chun, Marvin M.},
  date = {2002-04},
  journaltitle = {Visual Cognition},
  shortjournal = {Visual Cognition},
  volume = {9},
  number = {3},
  pages = {273--302},
  issn = {1350-6285, 1464-0716},
  doi = {10.1080/13506280042000162},
  url = {http://www.tandfonline.com/doi/abs/10.1080/13506280042000162},
  urldate = {2019-08-07},
  langid = {english},
  file = {C\:\\Users\\beesleyt\\OneDrive - Lancaster University\\Desktop PC\\Papers - Zotero PDF Library\\Olson, Chun - 2002.pdf}
}

@article{schankin2009a,
  title = {Cognitive Processes Facilitated by Contextual Cueing: {{Evidence}} from Event-Related Brain Potentials},
  shorttitle = {Cognitive Processes Facilitated by Contextual Cueing},
  author = {Schankin, Andrea and Schubö, Anna},
  date = {2009},
  journaltitle = {Psychophysiology},
  volume = {46},
  number = {3},
  pages = {668--679},
  issn = {1469-8986},
  doi = {10.1111/j.1469-8986.2009.00807.x},
  url = {https://onlinelibrary.wiley.com/doi/abs/10.1111/j.1469-8986.2009.00807.x},
  urldate = {2022-06-23},
  langid = {english},
  keywords = {Attention,Contextual cueing,Event-related potentials,LRP,N2pc},
  annotation = {\_eprint: https://onlinelibrary.wiley.com/doi/pdf/10.1111/j.1469-8986.2009.00807.x},
  file = {D\:\\OneDrive - Lancaster University\\Desktop PC\\Papers - Zotero PDF Library\\Schankin, Schubö - 22.pdf}
}

@article{schankin2011,
  title = {Is Contextual Cueing More than the Guidance of Visual–Spatial Attention?},
  author = {Schankin, Andrea and Hagemann, Dirk and Schubö, Anna},
  date = {2011-04},
  journaltitle = {Biological Psychology},
  shortjournal = {Biological Psychology},
  volume = {87},
  number = {1},
  pages = {58--65},
  issn = {03010511},
  doi = {10.1016/j.biopsycho.2011.02.003},
  url = {https://linkinghub.elsevier.com/retrieve/pii/S0301051111000330},
  urldate = {2019-08-07},
  langid = {english},
  file = {C\:\\Users\\beesleyt\\OneDrive - Lancaster University\\Desktop PC\\Papers - Zotero PDF Library\\Schankin, Hagemann, Schubö - 2011.pdf}
}

@article{smyth2008,
  title = {Awareness in Contextual Cuing with Extended and Concurrent Explicit Tests},
  author = {Smyth, Andrea C. and Shanks, David R.},
  date = {2008-03},
  journaltitle = {Memory \& Cognition},
  shortjournal = {Memory \& Cognition},
  volume = {36},
  number = {2},
  pages = {403--415},
  issn = {0090-502X, 1532-5946},
  doi = {10.3758/MC.36.2.403},
  url = {http://www.springerlink.com/index/10.3758/MC.36.2.403},
  urldate = {2019-08-07},
  langid = {english},
  file = {C\:\\Users\\beesleyt\\OneDrive - Lancaster University\\Desktop PC\\Papers - Zotero PDF Library\\Smyth, Shanks - 2008.pdf}
}

@article{vadillo2016,
  title = {Underpowered Samples, False Negatives, and Unconscious Learning},
  author = {Vadillo, Miguel A. and Konstantinidis, Emmanouil and Shanks, David R.},
  date = {2016-02},
  journaltitle = {Psychonomic Bulletin \& Review},
  shortjournal = {Psychon Bull Rev},
  volume = {23},
  number = {1},
  pages = {87--102},
  issn = {1069-9384, 1531-5320},
  doi = {10.3758/s13423-015-0892-6},
  url = {http://link.springer.com/10.3758/s13423-015-0892-6},
  urldate = {2019-08-07},
  langid = {english},
  file = {C\:\\Users\\beesleyt\\OneDrive - Lancaster University\\Desktop PC\\Papers - Zotero PDF Library\\Vadillo, Konstantinidis, Shanks - 2016.pdf}
}

@article{vadillo2021,
  title = {Raising Awareness about Measurement Error in Research on Unconscious Mental Processes},
  author = {Vadillo, Miguel A. and Malejka, Simone and Lee, Daryl Y. H. and Dienes, Zoltan and Shanks, David R.},
  date = {2021-06-15},
  journaltitle = {Psychonomic Bulletin \& Review},
  shortjournal = {Psychon Bull Rev},
  eprint = {34131891},
  eprinttype = {pmid},
  issn = {1531-5320},
  doi = {10.3758/s13423-021-01923-y},
  langid = {english},
  keywords = {Contextual cuing,Meta-analysis,Reliability,Unconscious learning},
  file = {D\:\\OneDrive - Lancaster University\\Desktop PC\\Papers - Zotero PDF Library\\Vadillo, Malejka, Lee et al - 2021.pdf}
}

@article{zang2017,
  title = {Contextual Cueing in {{3D}} Visual Search Depends on Representations in Planar-, Not Depth-Defined Space},
  author = {Zang, Xuelian and Shi, Zhuanghua and Müller, Hermann J. and Conci, Markus},
  date = {2017-06-12},
  journaltitle = {Journal of Vision},
  shortjournal = {Journal of Vision},
  volume = {17},
  number = {5},
  pages = {17},
  issn = {1534-7362},
  doi = {10.1167/17.5.17},
  url = {http://jov.arvojournals.org/article.aspx?doi=10.1167/17.5.17},
  urldate = {2019-08-07},
  langid = {english},
  file = {C\:\\Users\\beesleyt\\OneDrive - Lancaster University\\Desktop PC\\Papers - Zotero PDF Library\\Zang, Shi, Müller et al - 2017.pdf}
}

@article{zheng2019,
  title = {The Contribution of Spatial Position and Rotated Global Configuration to Contextual Cueing},
  author = {Zheng, Lei and Pollmann, Stefan},
  date = {2019-11-01},
  journaltitle = {Attention, Perception, \& Psychophysics},
  shortjournal = {Atten Percept Psychophys},
  volume = {81},
  number = {8},
  pages = {2590--2596},
  issn = {1943-393X},
  doi = {10.3758/s13414-019-01871-9},
  url = {https://doi.org/10.3758/s13414-019-01871-9},
  urldate = {2022-03-11},
  langid = {english},
  file = {C\:\\Users\\beesleyt\\OneDrive - Lancaster University\\Desktop PC\\Papers - Zotero PDF Library\\Zheng, Pollmann - 2019.pdf}
}


@Manual{R-afex,
  title = {afex: Analysis of Factorial Experiments},
  author = {Henrik Singmann and Ben Bolker and Jake Westfall and Frederik Aust and Mattan S. Ben-Shachar},
  year = {2022},
  note = {R package version 1.1-1},
  url = {https://CRAN.R-project.org/package=afex},
}
@Manual{R-apa,
  title = {apa: Format Outputs of Statistical Tests According to APA Guidelines},
  author = {Daniel Gromer},
  year = {2020},
  note = {R package version 0.3.3},
  url = {https://CRAN.R-project.org/package=apa},
}
@Manual{R-base,
  title = {R: A Language and Environment for Statistical Computing},
  author = {{R Core Team}},
  organization = {R Foundation for Statistical Computing},
  address = {Vienna, Austria},
  year = {2022},
  url = {https://www.R-project.org/},
}
@Manual{R-BayesFactor,
  title = {BayesFactor: Computation of Bayes Factors for Common Designs},
  author = {Richard D. Morey and Jeffrey N. Rouder},
  year = {2021},
  note = {R package version 0.9.12-4.3},
  url = {https://CRAN.R-project.org/package=BayesFactor},
}
@Manual{R-citr,
  title = {citr: 'RStudio' Add-in to Insert Markdown Citations},
  author = {Frederik Aust},
  year = {2019},
  note = {R package version 0.3.2},
  url = {https://CRAN.R-project.org/package=citr},
}
@Article{R-coda,
  title = {CODA: Convergence Diagnosis and Output Analysis for MCMC},
  author = {Martyn Plummer and Nicky Best and Kate Cowles and Karen Vines},
  journal = {R News},
  year = {2006},
  volume = {6},
  number = {1},
  pages = {7--11},
  url = {https://journal.r-project.org/archive/},
  pdf = {https://www.r-project.org/doc/Rnews/Rnews_2006-1.pdf},
}
@Manual{R-dplyr,
  title = {dplyr: A Grammar of Data Manipulation},
  author = {Hadley Wickham and Romain François and Lionel Henry and Kirill Müller},
  year = {2022},
  note = {R package version 1.0.9},
  url = {https://CRAN.R-project.org/package=dplyr},
}
@Manual{R-english,
  title = {english: Translate Integers into English},
  author = {John Fox and Bill Venables and Anthony Damico and Anne Pier Salverda},
  year = {2021},
  note = {R package version 1.2-6},
  url = {https://CRAN.R-project.org/package=english},
}
@Manual{R-extrafont,
  title = {extrafont: Tools for Using Fonts},
  author = {Winston Chang},
  year = {2022},
  note = {R package version 0.18},
  url = {https://CRAN.R-project.org/package=extrafont},
}
@Manual{R-forcats,
  title = {forcats: Tools for Working with Categorical Variables (Factors)},
  author = {Hadley Wickham},
  year = {2021},
  note = {R package version 0.5.1},
  url = {https://CRAN.R-project.org/package=forcats},
}
@Book{R-ggplot2,
  author = {Hadley Wickham},
  title = {ggplot2: Elegant Graphics for Data Analysis},
  publisher = {Springer-Verlag New York},
  year = {2016},
  isbn = {978-3-319-24277-4},
  url = {https://ggplot2.tidyverse.org},
}
@Manual{R-kableExtra,
  title = {kableExtra: Construct Complex Table with 'kable' and Pipe Syntax},
  author = {Hao Zhu},
  year = {2021},
  note = {R package version 1.3.4},
  url = {https://CRAN.R-project.org/package=kableExtra},
}
@Article{R-lme4,
  title = {Fitting Linear Mixed-Effects Models Using {lme4}},
  author = {Douglas Bates and Martin M{\"a}chler and Ben Bolker and Steve Walker},
  journal = {Journal of Statistical Software},
  year = {2015},
  volume = {67},
  number = {1},
  pages = {1--48},
  doi = {10.18637/jss.v067.i01},
}
@Manual{R-lsr,
  title = {Learning statistics with R: A tutorial for psychology students and other beginners. (Version 0.6)},
  author = {Danielle Navarro},
  organization = {University of New South Wales},
  address = {Sydney, Australia},
  year = {2015},
  note = {R package version 0.5.1},
  url = {https://learningstatisticswithr.com},
}
@Manual{R-Matrix,
  title = {Matrix: Sparse and Dense Matrix Classes and Methods},
  author = {Douglas Bates and Martin Maechler and Mikael Jagan},
  year = {2022},
  note = {R package version 1.4-1},
  url = {https://CRAN.R-project.org/package=Matrix},
}
@Manual{R-papaja,
  title = {{papaja}: {Prepare} reproducible {APA} journal articles with {R Markdown}},
  author = {Frederik Aust and Marius Barth},
  year = {2022},
  note = {R package version 0.1.0.9999},
  url = {https://github.com/crsh/papaja},
}
@Manual{R-purrr,
  title = {purrr: Functional Programming Tools},
  author = {Lionel Henry and Hadley Wickham},
  year = {2020},
  note = {R package version 0.3.4},
  url = {https://CRAN.R-project.org/package=purrr},
}
@Manual{R-pwr,
  title = {pwr: Basic Functions for Power Analysis},
  author = {Stephane Champely},
  year = {2020},
  note = {R package version 1.3-0},
  url = {https://CRAN.R-project.org/package=pwr},
}
@Manual{R-readr,
  title = {readr: Read Rectangular Text Data},
  author = {Hadley Wickham and Jim Hester and Jennifer Bryan},
  year = {2022},
  note = {R package version 2.1.2},
  url = {https://CRAN.R-project.org/package=readr},
}
@Manual{R-rstudioapi,
  title = {rstudioapi: Safely Access the RStudio API},
  author = {Kevin Ushey and JJ Allaire and Hadley Wickham and Gary Ritchie},
  year = {2020},
  note = {R package version 0.13},
  url = {https://CRAN.R-project.org/package=rstudioapi},
}
@Manual{R-skimr,
  title = {skimr: Compact and Flexible Summaries of Data},
  author = {Elin Waring and Michael Quinn and Amelia McNamara and Eduardo {Arino de la Rubia} and Hao Zhu and Shannon Ellis},
  year = {2022},
  note = {R package version 2.1.4},
  url = {https://CRAN.R-project.org/package=skimr},
}
@Manual{R-stringr,
  title = {stringr: Simple, Consistent Wrappers for Common String Operations},
  author = {Hadley Wickham},
  year = {2019},
  note = {R package version 1.4.0},
  url = {https://CRAN.R-project.org/package=stringr},
}
@Manual{R-tibble,
  title = {tibble: Simple Data Frames},
  author = {Kirill Müller and Hadley Wickham},
  year = {2022},
  note = {R package version 3.1.7},
  url = {https://CRAN.R-project.org/package=tibble},
}
@Manual{R-tidyr,
  title = {tidyr: Tidy Messy Data},
  author = {Hadley Wickham and Maximilian Girlich},
  year = {2022},
  note = {R package version 1.2.0},
  url = {https://CRAN.R-project.org/package=tidyr},
}
@Article{R-tidyverse,
  title = {Welcome to the {tidyverse}},
  author = {Hadley Wickham and Mara Averick and Jennifer Bryan and Winston Chang and Lucy D'Agostino McGowan and Romain François and Garrett Grolemund and Alex Hayes and Lionel Henry and Jim Hester and Max Kuhn and Thomas Lin Pedersen and Evan Miller and Stephan Milton Bache and Kirill Müller and Jeroen Ooms and David Robinson and Dana Paige Seidel and Vitalie Spinu and Kohske Takahashi and Davis Vaughan and Claus Wilke and Kara Woo and Hiroaki Yutani},
  year = {2019},
  journal = {Journal of Open Source Software},
  volume = {4},
  number = {43},
  pages = {1686},
  doi = {10.21105/joss.01686},
}
@Manual{R-tinylabels,
  title = {{tinylabels}: Lightweight Variable Labels},
  author = {Marius Barth},
  year = {2022},
  note = {R package version 0.2.3},
  url = {https://cran.r-project.org/package=tinylabels},
}
